@article{Mohamed2016,
	author = {Mohamed, Shahd and Gawad, Abdel and Mougy, Amr El and El-meligy, Menna Ahmed},
	file = {:Users/bartolomeo/Library/Application Support/Mendeley Desktop/Downloaded/Mohamed et al. - 2016 - Dynamic Mapping of Road Conditions using Smartphone Sensors and Machine Learning Techniques.pdf:pdf},
	isbn = {9781509017010},
	keywords = {Dynamic Mapping of Road Conditions Using Smartphon},
	pages = {1--5},
	title = {{Dynamic Mapping of Road Conditions using Smartphone Sensors and Machine Learning Techniques}},
	year = {2016}
}

@article{Faiz2016,
	author = {Faiz, Adnan Bin and Imteaj, Ahmed and Chowdhury, Mahfuzulhoq},
	doi = {10.1109/CCIE.2015.7399319},
	file = {:Users/bartolomeo/Library/Application Support/Mendeley Desktop/Downloaded/Faiz, Imteaj, Chowdhury - 2016 - Smart vehicle accident detection and alarming system using a smartphone.pdf:pdf},
	isbn = {9781467383431},
	journal = {1st International Conference on Computer and Information Engineering, ICCIE 2015},
	keywords = {Accelerometer,Emergency alert message,GPS,Pressure sensor,Vehicle accident detection},
	pages = {66--69},
	title = {{Smart vehicle accident detection and alarming system using a smartphone}},
	year = {2016}
}
